@book{blauert1997spatial,
  title={Spatial hearing: The psychophysics of human sound localization},
  author={Blauert, Jens},
  year={1997},
  publisher={MIT press}
}

@inproceedings{wang2017per,
  title={Per-channel energy normalization: Why and how},
  author={Wang, Yuxuan and Getreuer, Pascal and Hughes, Thad and Lyon, Richard F and Saurous, Rif A},
  booktitle={2017 IEEE International Conference on Acoustics, Speech and Signal Processing (ICASSP)},
  pages={596--600},
  year={2017},
  organization={IEEE}
}

@article{knapp1976generalized,
  title={The generalized correlation method for estimation of time delay},
  author={Knapp, Charles H and Carter, G Clifford},
  journal={IEEE transactions on acoustics, speech, and signal processing},
  volume={24},
  number={4},
  pages={320--327},
  year={1976},
  publisher={IEEE}
}

@techreport{itu2015bs1770,
  author={{International Telecommunication Union}},
  title={{Algorithms to measure audio programme loudness and true-peak audio level}},
  institution={ITU-R},
  year={2015},
  type={Recommendation BS.1770-4},
  address={Geneva, Switzerland}
}

@article{breebaart2001binaural,
  title={Binaural signal processing: Toward functional models of the auditory periphery},
  author={Breebaart, Jeroen and van de Par, Steven and Kohlrausch, Armin},
  journal={The Journal of the Acoustical Society of America},
  volume={110},
  number={5},
  pages={2421--2438},
  year={2001},
  publisher={ASA}
}

@inproceedings{jehan2005creating,
  title={Creating music by listening},
  author={Jehan, Tristan},
  booktitle={Doctoral dissertation, Massachusetts Institute of Technology},
  year={2005}
}

@article{griffin1984signal,
  title={Signal estimation from modified short-time Fourier transform},
  author={Griffin, Daniel and Lim, Jae},
  journal={IEEE Transactions on Acoustics, Speech, and Signal Processing},
  volume={32},
  number={2},
  pages={236--243},
  year={1984},
  publisher={IEEE}
}
